<?xml version="1.0" encoding="UTF-8"?><collection xmlns="http://www.loc.gov/MARC21/slim"><record><leader>00580nam--2200193-i-4500</leader><controlfield tag="001">000000177</controlfield><controlfield tag="002">20161230</controlfield><controlfield tag="005">20170101233327</controlfield><controlfield tag="008">060222s1000------------r-----000-0-eng-d</controlfield><datafield ind1=" " ind2=" " tag="040"><subfield code="a">IFIN-HH</subfield></datafield><datafield ind1=" " ind2=" " tag="080"><subfield code="a">800.7+802.0</subfield></datafield><datafield ind1="1" ind2=" " tag="100"><subfield code="a">Lado, Robert</subfield></datafield><datafield ind1="1" ind2="0" tag="245"><subfield code="a">English pronunciation exercises in sound segments intonation, and rhytm</subfield><subfield code="c">Robert Lado, Charles C. Fries</subfield></datafield><datafield ind1=" " ind2=" " tag="250"><subfield code="a">Fourteen Printing</subfield></datafield><datafield ind1=" " ind2=" " tag="260"><subfield code="a">Ann Arbor</subfield><subfield code="b">The University Of Michigan Press</subfield><subfield code="c">1969</subfield></datafield><datafield ind1=" " ind2=" " tag="300"><subfield code="a">VIII+196 P</subfield></datafield><datafield ind1="1" ind2=" " tag="700"><subfield code="a">Fries, Charles Carpenter</subfield></datafield><datafield ind1=" " ind2=" " tag="852"><subfield code="a">39122</subfield><subfield code="c">4</subfield></datafield><datafield ind1=" " ind2=" " tag="CAT"><subfield code="a">SYS</subfield><subfield code="c">20170101</subfield><subfield code="h">233327</subfield></datafield></record></collection>